%
%  An example of a bibliographical database for bibTeX
%
%  Recommended software for maintenance of *.bib files:
%    JabRef, http://jabref.sourceforge.net/
%
%  BEWARE:
%
%    *  If a name contains a capital letter, which must be kept such,
%       use curly brackets ({T}hailand, {HIV}).
%
%  ===========================================================================

@online{1,
	title = {WebAssembly},
	url = {https://en.wikipedia.org/wiki/WebAssembly},
	urldate = {2021-03-23}
}

@online{2,
	title = {The project PHP in browser},
	url = {https://github.com/oraoto/pib?fbclid=IwAR3KZKXWCC3tlgQf886PF3GT_Hc8pmfCMI1-43gdQEdE5wYgpv070bRwXqI},
	urldate = {2021-03-17}
}

@online{3,
  title = {Blazor's homepage},
  url = {https://dotnet.microsoft.com/apps/aspnet/web-apps/blazor},
  urldate = {2021-03-17}
}

@online{4,
	title = {Peachpie's homapage},
	url = {https://docs.peachpie.io},
	urldate = {2021-03-24}
}

@online{5, 
	title = {PHP},
	url = {https://en.wikipedia.org/wiki/PHP},
	urldate = {2021-03-24}
}

@online{6,
	title = {PHP manual},
	url = {https://www.php.net/manual/en/},
	urldate = {2021-03-24}
}

@online{7,
	title = {WebAPI},
	url = {https://developer.mozilla.org/en-US/docs/Learn/JavaScript/Client-side_web_APIs/Introduction},
	urldate = {2021-03-24}
}

@online{8,
	title = {Javascript},
	url	= {https://en.wikipedia.org/wiki/JavaScript},
	urldate{2021-03-24}
}

@online{9,
	title = {WebAssebmly},
	url = {https://developer.mozilla.org/en-US/docs/WebAssembly/Concepts},
	urldate = {2021-03-17}
}

@online{10,
	title = {Threads},
	url = {https://developers.google.com/web/updates/2018/10/wasm-threads},
	urldate = {2021-03-17}
}

@online{11,
	title = {Web Workers},
	url = {https://developer.mozilla.org/en-US/docs/Web/API/Web_Workers_API/Using_web_workers},
	urldate = {2021-03-17}
}

@online{12,
	title = {Compilation},
	url = {https://www.mono-project.com/news/2017/08/09/hello-webassembly/},
	urldata = {2021-03-18}
}

@online{13,
	title = {Hosting models},
	url = {https://docs.microsoft.com/en-us/aspnet/core/blazor/hosting-models?view=aspnetcore-5.0},
	urldata = {2021-03-18}
}

@online{14,
	title = {Navigation},
	url = {https://chrissainty.com/an-in-depth-look-at-routing-in-blazor/},
	urldata = {2021-03-18}
}

@online{15,
	title = {Running Blazor},
	url = {https://daveaglick.com/posts/blazor-razor-webassembly-and-mono},
	urldata = {2021-03-18}
}

@online{16,
	title = {Peachpie},
	url = {https://docs.peachpie.io},
	urldata = {2021-03-18}
}

@online{17,
	title = {.NET Core},
	url = {https://en.wikipedia.org/wiki/.NET_Core},
	urldata = {2021-03-26}
}

@online{18,
	title = {CLI},
	url = {https://en.wikipedia.org/wiki/Common_Language_Infrastructure},
	urldata = {2021-03-30}
}

@online{19,
	title = {WebAssembly execution},
	url = {https://daveaglick.com/posts/blazor-razor-webassembly-and-mono},
	urldata = {2021-03-30}
}

@online{20,
	title = {Diff algorithm},
	url = {https://gist.github.com/SteveSandersonMS/ec232992c2446ab9a0059dd0fbc5d0c3},
	urldata = {2021-03-30}
}

@online{21,
	title = {Blazor routing},
	url = {https://chrissainty.com/an-in-depth-look-at-routing-in-blazor/},
	urldata = {2021-03-30}
}

@online{22,
	title = {Render tree},
	url = {https://www.infoq.com/articles/blazor-rendertree-explained/},
	urldata = {2021-03-30}
}


@online{23,
	title = {Javascript from dotnet},
	url = {https://docs.microsoft.com/en-us/aspnet/core/blazor/call-javascript-from-dotnet?view=aspnetcore-5.0},
	urldata = {2021-03-30}
}


@online{24,
	title = {dotnet from Javascript},
	url = {https://docs.microsoft.com/en-us/aspnet/core/blazor/call-dotnet-from-javascript?view=aspnetcore-5.0},
	urldata = {2021-03-30}
}


@online{25,
	title = {Query strings},
	url = {https://chrissainty.com/working-with-query-strings-in-blazor/},
	urldata = {2021-03-30}
}


@online{26,
	title = {Custom router},
	url = {https://github.com/chrissainty/BuildingACustomRouterForBlazor},
	urldata = {2021-03-30}
}


